@inproceedings{zheng2015conditional,
  title={Conditional random fields as recurrent neural networks},
  author={Zheng, Shuai and Jayasumana, Sadeep and Romera-Paredes, Bernardino and Vineet, Vibhav and Su, Zhizhong and Du, Dalong and Huang, Chang and Torr, Philip HS},
  booktitle={Proceedings of the IEEE international conference on computer vision},
  pages={1529--1537},
  year={2015}
}

@inproceedings{long2015fully,
	title={Fully convolutional networks for semantic segmentation},
	author={Long, Jonathan and Shelhamer, Evan and Darrell, Trevor},
	booktitle={Proceedings of the IEEE conference on computer vision and pattern recognition},
	pages={3431--3440},
	year={2015}
}

@article{dumoulin2016guide,
	title="{A guide to convolution arithmetic for deep learning}",
	author = {{Dumoulin}, Vincent and {Visin}, Francesco},
	journal = {ArXiv e-prints},
	eprint = {1603.07285},
	year={2016},
	month={mar}
}

@article{chen2014semantic,
	title={Semantic image segmentation with deep convolutional nets and fully connected crfs},
	author={Chen, Liang-Chieh and Papandreou, George and Kokkinos, Iasonas and Murphy, Kevin and Yuille, Alan L},
	journal={arXiv preprint arXiv:1412.7062},
	year={2014}
}

@article{yu2015multi,
	title={Multi-scale context aggregation by dilated convolutions},
	author={Yu, Fisher and Koltun, Vladlen},
	journal={arXiv preprint arXiv:1511.07122},
	year={2015}
}

@article{chen2018deeplab,
	title={Deeplab: Semantic image segmentation with deep convolutional nets, atrous convolution, and fully connected crfs},
	author={Chen, Liang-Chieh and Papandreou, George and Kokkinos, Iasonas and Murphy, Kevin and Yuille, Alan L},
	journal={IEEE transactions on pattern analysis and machine intelligence},
	volume={40},
	number={4},
	pages={834--848},
	year={2018},
	publisher={IEEE}
}

@inproceedings{krahenbuhl2011efficient,
	title={Efficient inference in fully connected crfs with gaussian edge potentials},
	author={Kr{\"a}henb{\"u}hl, Philipp and Koltun, Vladlen},
	booktitle={Advances in neural information processing systems},
	pages={109--117},
	year={2011}
}

@inproceedings{zhao2017pyramid,
	title={Pyramid scene parsing network},
	author={Zhao, Hengshuang and Shi, Jianping and Qi, Xiaojuan and Wang, Xiaogang and Jia, Jiaya},
	booktitle={IEEE Conf. on Computer Vision and Pattern Recognition (CVPR)},
	pages={2881--2890},
	year={2017}
}

@article{chen2017rethinking,
	title={Rethinking atrous convolution for semantic image segmentation},
	author={Chen, Liang-Chieh and Papandreou, George and Schroff, Florian and Adam, Hartwig},
	journal={arXiv preprint arXiv:1706.05587},
	year={2017}
}

@article{everingham2015pascal,
	title={The pascal visual object classes challenge: A retrospective},
	author={Everingham, Mark and Eslami, SM Ali and Van Gool, Luc and Williams, Christopher KI and Winn, John and Zisserman, Andrew},
	journal={International journal of computer vision},
	volume={111},
	number={1},
	pages={98--136},
	year={2015},
	publisher={Springer}
}

@article{wang2018depth,
	title={Depth-aware CNN for RGB-D Segmentation},
	author={Wang, Weiyue and Neumann, Ulrich},
	journal={arXiv preprint arXiv:1803.06791},
	year={2018}
}

@inproceedings{silberman2012indoor,
	title={Indoor segmentation and support inference from rgbd images},
	author={Silberman, Nathan and Hoiem, Derek and Kohli, Pushmeet and Fergus, Rob},
	booktitle={European Conference on Computer Vision},
	pages={746--760},
	year={2012},
	organization={Springer}
}

@ARTICLE{2014arXiv1405.0312L,
       author = {{Lin}, Tsung-Yi and {Maire}, Michael and {Belongie}, Serge and
         {Bourdev}, Lubomir and {Girshick}, Ross and {Hays}, James and
         {Perona}, Pietro and {Ramanan}, Deva and {Zitnick}, C. Lawrence and
         {Doll{\'a}r}, Piotr},
        title = "{Microsoft COCO: Common Objects in Context}",
      journal = {arXiv e-prints},
     keywords = {Computer Science - Computer Vision and Pattern Recognition},
         year = "2014",
        month = "May",
          eid = {arXiv:1405.0312},
        pages = {arXiv:1405.0312},
archivePrefix = {arXiv},
       eprint = {1405.0312},
 primaryClass = {cs.CV},
       adsurl = {https://ui.adsabs.harvard.edu/\#abs/2014arXiv1405.0312L},
      adsnote = {Provided by the SAO/NASA Astrophysics Data System}
}

@inproceedings{krizhevsky2012imagenet,
  title={Imagenet classification with deep convolutional neural networks},
  author={Krizhevsky, Alex and Sutskever, Ilya and Hinton, Geoffrey E},
  booktitle={Advances in neural information processing systems},
  pages={1097--1105},
  year={2012}
}

@article{simonyan2014very,
  title={Very deep convolutional networks for large-scale image recognition},
  author={Simonyan, Karen and Zisserman, Andrew},
  journal={arXiv preprint arXiv:1409.1556},
  year={2014}
}

@article{DBLP:journals/corr/ZhaoSQWJ16,
  author    = {Hengshuang Zhao and
               Jianping Shi and
               Xiaojuan Qi and
               Xiaogang Wang and
               Jiaya Jia},
  title     = {Pyramid Scene Parsing Network},
  journal   = {CoRR},
  volume    = {abs/1612.01105},
  year      = {2016},
  url       = {http://arxiv.org/abs/1612.01105},
  archivePrefix = {arXiv},
  eprint    = {1612.01105},
  timestamp = {Mon, 13 Aug 2018 16:47:16 +0200},
  biburl    = {https://dblp.org/rec/bib/journals/corr/ZhaoSQWJ16},
  bibsource = {dblp computer science bibliography, https://dblp.org}
}

@article{li2018attention,
  title={Attention-guided unified network for panoptic segmentation},
  author={Li, Yanwei and Chen, Xinze and Zhu, Zheng and Xie, Lingxi and Huang, Guan and Du, Dalong and Wang, Xingang},
  journal={arXiv preprint arXiv:1812.03904},
  year={2018}
}

@article{fu2018dual,
  title={Dual Attention Network for Scene Segmentation},
  author={Jun Fu and Jing Liu and Haijie Tian and Yong Li and Yongjun Bao and Zhiwei Fang and Hanqing Lu},
  journal={The IEEE Conference on Computer Vision and Pattern Recognition (CVPR)},
  year={2019}
}

@inproceedings{yu2018learning,
	title={Learning a discriminative feature network for semantic segmentation},
	author={Yu, Changqian and Wang, Jingbo and Peng, Chao and Gao, Changxin and Yu, Gang and Sang, Nong},
	booktitle={Proceedings of the IEEE Conference on Computer Vision and Pattern Recognition},
	pages={1857--1866},
	year={2018}
}